@inproceedings{Rawat16,
  author    = {Rawat, Danda B. and Bajracharya, Chandra},
  booktitle = {SoutheastCon 2016},
  title     = {{Software Defined Networking for Reducing Energy Consumption and Carbon Emission}},
  year      = {2016},
  volume    = {},
  number    = {},
  pages     = {1-2},
  keywords  = {Switches;Energy consumption;Software defined networking;Carbon dioxide;Power demand;Carbon;Ports (Computers);Software Defined Networks;OpenFlow;Mininet;OpenDaylight;Georgia Southern University},
  doi       = {10.1109/SECON.2016.7506640},
  note      = {doi: \textcolor{blue}{\url{https://doi.org/10.1109/SECON.2016.7506640}}}
}
@article{Slamnik-Krijestorac23,
  author   = {Slamnik-Kriještorac, Nina and Camelo, Miguel and Chang, Chia-Yu and Soto, Paola and Cominardi, Luca and De Vleeschauwer, Danny and Latré, Steven and Marquez-Barja, Johann M.},
  journal  = {IEEE Network},
  title    = {{AI-Empowered Management and Orchestration of Vehicular Systems in the Beyond 5G Era}},
  year     = {2023},
  volume   = {37},
  number   = {4},
  pages    = {305-313},
  keywords = {Automation;5G mobile communication;Software algorithms;Learning (artificial intelligence);Human in the loop;Network function virtualization;Delays;Complexity theory;Software defined networking},
  doi      = {10.1109/MNET.008.2300024},
  note     = {doi: \textcolor{blue}{\url{https://doi.org/10.1109/MNET.008.2300024}}}
}
@techreport{3gpp-ts-22-186,
  title       = {{5G; Service Requirements for Enhanced V2X Scenarios}},
  author      = {3rd Generation Partnership Project (3GPP)},
  year        = {2024},
  institution = {ETSI},
  type        = {Technical Specification},
  number      = {TS 22.186},
  version     = {18.0.1},
  url         = {https://www.etsi.org/deliver/etsi_ts/122100_122199/122186/18.00.01_60/ts_122186v180001p.pdf},
  note        = {Online [Available]: {\textcolor{blue}{\url{https://www.etsi.org/deliver/etsi_ts/122100_122199/122186/18.00.01_60/ts_122186v180001p.pdf}}}, Date accessed: 2025-02-12}
}
@techreport{3gpp_ts_26_511_v18_1_0,
  author       = {{3rd Generation Partnership Project (3GPP)}},
  title        = {{5G; 5G Media Streaming (5GMS); Profiles, codecs and formats}},
  institution  = {ETSI},
  type         = {Technical Specification},
  number       = {3GPP TS 26.511 V18.1.0},
  year         = {2024},
  note         = {Release 18},
  url          = {https://www.etsi.org/deliver/etsi_ts/126500_126599/126511/18.01.00_60/ts_126511v180100p.pdf}
}
@inproceedings{Marquez-Barja19,
  author    = {{Marquez-Barja, J. and Lannoo, Bart and Naudts, Dries and Braem, B. and Donato, C. and Maglogiannis, Vasilis and Mercelis, S. and Berkvens, R. and Hellinckx, P. and Weyn, M. and Moerman, Ingrid and Latré, Steven}},
  booktitle = {{2019 European Conference on Networks and Communications (EuCNC), Abstracts}},
  language  = {{eng}},
  location  = {{Valencia, Spain}},
  pages     = {{2}},
  publisher = {{IEEE}},
  title     = {{Smart Highway : ITS-G5 and C2VX based testbed for vehicular communications in real environments enhanced by edge/cloud technologies}},
  year      = {{2019}},
  note      = {[Online] Available: \textcolor{blue}{\url{https://biblio.ugent.be/publication/8642435}}}
}
@book{ETSI_ZSM_Automation20,
  author    = {European Telecommunications Standards Institute},
  title     = {{Zero-touch network and Service Management (ZSM); Means of Automation}},
  version   = {1.1.1},
  year      = {2020},
  publisher = {ETSI},
  note      = {Online [Available]: {\textcolor{blue}{\url{https://www.etsi.org/deliver/etsi_gr/ZSM/001_099/005/01.01.01_60/gr_zsm005v010101p.pdf}}}, Date accessed: 2024-08-07}
}
@book{ETSI_ZSM_Terminology23,
  author    = {European Telecommunications Standards Institute},
  title     = {Zero-touch network and Service Management (ZSM); Terminology for concepts in ZSM},
  version   = {2.1.1},
  year      = {2023},
  publisher = {ETSI},
  note      = {Online [Available]: {\textcolor{blue}{\url{https://www.etsi.org/deliver/etsi_gs/ZSM/001_099/007/02.01.01_60/gs_ZSM007v020101p.pdf}}}, Date accessed: 2023-09-01}
}
@misc{etsi_zsm_architecture19,
  author       = {ETSI Industry Specification Group (ISG)},
  title        = {Zero-touch network and Service Management (ZSM); Reference Architecture},
  howpublished = {ETSI GS ZSM 002 V1.1.1 (2019-08)},
  year         = {2019},
  note         = {Online [Available]: {\textcolor{blue}{\url{https://www.etsi.org/deliver/etsi_gs/ZSM/001_099/002/01.01.01_60/gs_ZSM002v010101p.pdf}}}, Date accessed: 2023-09-07}
}
@inproceedings{Hengbo22,
  author    = {Hengbo, Xu and Yu, Chen},
  booktitle = {2022 IEEE International Conference on Artificial Intelligence and Computer Applications (ICAICA)},
  title     = {Energy Consumption Optimization Method for Wireless Communication Data Transmission in Cloud Environment},
  year      = {2022},
  volume    = {},
  number    = {},
  pages     = {228-231},
  keywords  = {Wireless communication;Energy consumption;Cloud computing;Scheduling algorithms;Wireless networks;Optimization methods;Logic gates;Cloud Environment;Wireless Communication;Data Transmission;Energy Consumption Optimization},
  doi       = {10.1109/ICAICA54878.2022.9844503},
  note      = {doi: \textcolor{blue}{\url{https://doi.org/10.1109/ICAICA54878.2022.9844503}}}
}
@article{Kar18,
  author   = {Kar, Binayak and Wu, Eric Hsiao-Kuang and Lin, Ying-Dar},
  journal  = {IEEE Transactions on Network and Service Management},
  title    = {{Energy Cost Optimization in Dynamic Placement of Virtualized Network Function Chains}},
  year     = {2018},
  volume   = {15},
  number   = {1},
  pages    = {372-386},
  keywords = {Energy consumption;Virtualization;Servers;Optimization;Heuristic algorithms;Power demand;Virtualized network function;service chaining;Markov model;energy consumption;cost optimization},
  doi      = {10.1109/TNSM.2017.2782370},
  note     = {doi: \textcolor{blue}{\url{https://doi.org/10.1109/TNSM.2017.2782370}}}
}
@inproceedings{Liu18,
  author    = {Liu, Qiang and Han, Tao and Ansari, Nirwan},
  booktitle = {2018 IEEE Global Communications Conference (GLOBECOM)},
  title     = {{Energy-Efficient On-Demand Cloud Radio Access Networks Virtualization}},
  year      = {2018},
  volume    = {},
  number    = {},
  pages     = {1-7},
  keywords  = {Energy consumption;Array signal processing;Virtualization;Signal processing algorithms;Clustering algorithms;Power demand;Cloud computing;C-RAN;Energy efficiency;Network virtualization;Cooperative beamforming},
  doi       = {10.1109/GLOCOM.2018.8647929},
  note      = {doi: \textcolor{blue}{\url{https://doi.org/10.1109/GLOCOM.2018.8647929}}}
}
@inproceedings{Bordin25,
  author    = {Bordin, Matteo and Lacava, Andrea and Polese, Michele and Cuomo, Francesca and Melodia, Tommaso},
  booktitle = {2025 IEEE 22nd Consumer Communications \& Networking Conference (CCNC)},
  title     = {{Demo: Enabling Deep Reinforcement Learning Research for Energy Saving in Open RAN}},
  year      = {2025},
  volume    = {},
  number    = {},
  pages     = {1-2},
  keywords  = {Wireless communication;Training;Protocols;5G mobile communication;Open RAN;Tutorials;Deep reinforcement learning;Energy efficiency;Next generation networking;Testing;Open RAN;Simulation;5G/6G;Energy Efficiency;Reinforcement Learning},
  doi       = {10.1109/CCNC54725.2025.10975928},
  note      = {doi: \textcolor{blue}{\url{https://doi.org/10.1109/CCNC54725.2025.10975928}}}
}
@article{Liang24,
  author   = {Liang, Xuanyu and Wang, Qiao and Al-Tahmeesschi, Ahmed and Chetty, Swarna B. and Grace, David and Ahmadi, Hamed},
  journal  = {IEEE Access},
  title    = {{Energy Consumption of Machine Learning Enhanced Open RAN: A Comprehensive Review}},
  year     = {2024},
  volume   = {12},
  number   = {},
  pages    = {81889-81910},
  keywords = {Energy consumption;Computer architecture;Energy efficiency;Resource management;Virtualization;Reviews;5G mobile communication;Radio access networks;Open systems;Open radio access network (Open RAN);energy efficiency;machine learning;disaggregation},
  doi      = {10.1109/ACCESS.2024.3412758},
  note     = {doi: \textcolor{blue}{\url{https://doi.org/10.1109/ACCESS.2024.3412758}}}
}
@article{Barrachina-Muñoz24,
  author   = {Barrachina-Muñoz, Sergio and Rezazadeh, Farhad and Blanco, Luis and Kukliński, Sławomir and Zeydan, Engin and Chawla, Ashima and Zanzi, Lanfranco and Devoti, Francesco and Vlahodimitropoulou, Vasiliki and Chochliouros, Ioannis and Bosneag, Anne-Marie and Cherrared, Sihem and Vettori, Luca and Mangues-Bafalluy, Josep},
  journal  = {IEEE Access},
  title    = {{Empowering Beyond 5G Networks: An Experimental Assessment of Zero-Touch Management and Orchestration}},
  year     = {2024},
  volume   = {12},
  number   = {},
  pages    = {182752-182762},
  keywords = {5G mobile communication;6G mobile communication;Scalability;Monitoring;Resource management;Network slicing;Federated learning;Cloud computing;Automation;Anomaly detection;Network slicing;scalability;network management;orchestration;B5G;testbed},
  doi      = {10.1109/ACCESS.2024.3510804},
  note     = {doi: \textcolor{blue}{\url{https://doi.org/10.1109/ACCESS.2024.3510804}}}
}
@inproceedings{Ocampo24,
  author    = {Ocampo, Andres F. and Santos, José},
  booktitle = {2024 20th International Conference on Network and Service Management (CNSM)},
  title     = {{Reinforcement Learning-Driven Service Placement in 6G Networks across the Compute Continuum}},
  year      = {2024},
  volume    = {},
  number    = {},
  pages     = {1-9},
  keywords  = {6G mobile communication;Adaptation models;Energy consumption;Reinforcement learning;Network architecture;Heterogeneous networks;Complexity theory;Resource management;Low latency communication;Next generation networking;Compute Continuum;Reinforcement Learning;Orchestration;Service Placement;6G;Cloud Computing},
  doi       = {10.23919/CNSM62983.2024.10814365},
  note      = {doi: \textcolor{blue}{\url{https://doi.org/10.23919/CNSM62983.2024.10814365}}}
}
@inproceedings{Shankaranarayanan24,
  author    = {Shankaranarayanan, N. K. and Li, Zhuohuan and Seskar, Ivan and Maddala, Prasanthi and Puthenpura, Sarat and Stancu, Alexandru and Agarwal, Anurag},
  booktitle = {2024 IEEE 100th Vehicular Technology Conference (VTC2024-Fall)},
  title     = {{POET: A Platform for O-RAN Energy Efficiency Testing}},
  year      = {2024},
  volume    = {},
  number    = {},
  pages     = {1-5},
  keywords  = {Vehicular and wireless technologies;Cloud computing;Power measurement;Power demand;Wireless networks;Energy measurement;Open RAN;Energy efficiency;Servers;Testing;O-RAN;Open RAN;Energy Efficiency;Test Methodology},
  doi       = {10.1109/VTC2024-Fall63153.2024.10757537},
  note      = {doi: \textcolor{blue}{\url{https://doi.org/10.1109/VTC2024-Fall63153.2024.10757537}}}
}
@article{Dayarathna16,
  author   = {Dayarathna, Miyuru and Wen, Yonggang and Fan, Rui},
  journal  = {IEEE Communications Surveys \& Tutorials},
  title    = {{Data Center Energy Consumption Modeling: A Survey}},
  year     = {2016},
  volume   = {18},
  number   = {1},
  pages    = {732-794},
  keywords = {Energy consumption;Data models;Computational modeling;Power demand;Servers;Predictive models;Mathematical model;Data Center;Energy Consumption Modeling;Energy Efficiency;Cloud Computing;Data center;energy consumption modeling;energy efficiency;cloud computing},
  doi      = {10.1109/COMST.2015.2481183},
  note     = {doi: \textcolor{blue}{\url{https://doi.org/10.1109/COMST.2015.2481183}}}
}
@inproceedings{Ho24,
  author    = {Ho, Tai Manh and Nguyen, Kim-Khoa and Vo, Jennie Diem and Larabi, Adel and Cheriet, Mohamed},
  booktitle = {GLOBECOM 2024 - 2024 IEEE Global Communications Conference},
  title     = {{Energy Efficient Orchestration for O-RAN}},
  year      = {2024},
  volume    = {},
  number    = {},
  pages     = {3316-3321},
  keywords  = {Energy consumption;Scalability;Buildings;Open RAN;Machine learning;Energy efficiency;Maintenance;Sustainable development;Optimization;Next generation networking;O-RAN;machine learning;orchestration},
  doi       = {10.1109/GLOBECOM52923.2024.10901461},
  note      = {doi: \textcolor{blue}{\url{https://doi.org/10.1109/GLOBECOM52923.2024.10901461}}}
}
@inproceedings{Usman25,
  author    = {Usman, Muhammad Qamar and Sreenan, Cormac J. and Dryjanski, Marcin and O'Driscoll, Aisling},
  booktitle = {2025 IEEE 22nd Consumer Communications \& Networking Conference (CCNC)},
  title     = {Power Modeling of the O-RAN O-RU \& Application of Advanced Sleep Modes for Enhanced Energy Efficiency},
  year      = {2025},
  volume    = {},
  number    = {},
  pages     = {1-8},
  keywords  = {Surveys;Energy consumption;Power demand;Reviews;Open RAN;IEEE 802.16 Standard;Energy efficiency;3GPP;Interoperability;Load modeling;Open Radio Access Network (O-RAN);O-RAN Radio Unit (O-RU);Advanced Sleep Modes (ASMs);power model;energy efficiency},
  doi       = {10.1109/CCNC54725.2025.10975933},
  note      = {doi: \textcolor{blue}{\url{https://doi.org/10.1109/CCNC54725.2025.10975933}}}
}
@inproceedings{Hegazy23,
  author    = {Hegazy, Mostafa and Khalil, Tarek},
  booktitle = {2023 5th Novel Intelligent and Leading Emerging Sciences Conference (NILES)},
  title     = {{Energy Consumption Estimation of Mobile Networks’ Base Stations Due to Traffic Change}},
  year      = {2023},
  volume    = {},
  number    = {},
  pages     = {126-129},
  keywords  = {Energy consumption;Adaptation models;Base stations;Estimation;Predictive models;Data models;Hardware;energy consumption;traffic model;mobile networks},
  doi       = {10.1109/NILES59815.2023.10296755},
  note      = {doi: \textcolor{blue}{\url{https://doi.org/10.1109/NILES59815.2023.10296755}}}
}
@inproceedings{Maheshwari25,
  author    = {Maheshwari, Mukesh Kumar and Raschellà, Alessandro and Mackay, Michael and Mohammed, Ahmed Sabah and Salih, Amer},
  booktitle = {2025 Sixteenth International Conference on Ubiquitous and Future Networks (ICUFN)},
  title     = {Energy-Efficient Optimization in O-RAN for Intelligent IoT Systems},
  year      = {2025},
  volume    = {},
  number    = {},
  pages     = {44-49},
  keywords  = {Power demand;5G mobile communication;Simulation;Open RAN;Quality of service;Throughput;Energy efficiency;Mathematical models;Internet of Things;Optimization;O-RAN;Energy Efficiency;xApp;RIC},
  doi       = {10.1109/ICUFN65838.2025.11169866},
  note      = {doi: \textcolor{blue}{\url{https://doi.org/10.1109/ICUFN65838.2025.11169866}}}
}
@inproceedings{Aktar24,
  author    = {Aktar, Mst. Rubina and Anower, Md. Shamim and Islam Sakar, Md. Zahurul and Bappy, Hridoy Kumar and Rafsan janee, Ali Akbar},
  booktitle = {2024 6th International Conference on Electrical Engineering and Information \& Communication Technology (ICEEICT)},
  title     = {Energy Efficient Bandwidth Aware Virtualized BBU Pool for 5G C-RAN},
  year      = {2024},
  volume    = {},
  number    = {},
  pages     = {84-88},
  keywords  = {Energy consumption;Baseband;Power demand;5G mobile communication;Simulation;Energy conservation;Bandwidth;C-RAN;T-RAN;energy consumption;energy efficiency;energy savings},
  doi       = {10.1109/ICEEICT62016.2024.10534471},
  note      = {doi: \textcolor{blue}{\url{https://doi.org/10.1109/ICEEICT62016.2024.10534471}}}
}
@inproceedings{Wang24,
  author    = {Wang, Qingtian and Qi, Wen and Ling, Jing and Zong, Jiaying and Shen, Yunfei and Liu, Dongjie},
  booktitle = {2024 IEEE International Symposium on Broadband Multimedia Systems and Broadcasting (BMSB)},
  title     = {Energy-Efficient Resource Allocation in LEO-assisted Open RAN architecture towards 6G},
  year      = {2024},
  volume    = {},
  number    = {},
  pages     = {1-6},
  keywords  = {Wireless communication;Energy consumption;Computational modeling;Satellite broadcasting;Low earth orbit satellites;Open RAN;Computer architecture;Energy-Efficient;Reinforcement Learning;Open RAN;LEO satellite;6G},
  doi       = {10.1109/BMSB62888.2024.10608373},
  note      = {doi: \textcolor{blue}{\url{https://doi.org/10.1109/BMSB62888.2024.10608373}}}
}
@inproceedings{Khan15,
  author    = {Khan, M. and Alhumaima, R.S. and Al-Raweshidy, H.S.},
  booktitle = {2015 European Conference on Networks and Communications (EuCNC)},
  title     = {Reducing energy consumption by dynamic resource allocation in C-RAN},
  year      = {2015},
  volume    = {},
  number    = {},
  pages     = {169-174},
  keywords  = {Power demand;Computer architecture;Resource management;Analytical models;Energy consumption;Mobile communication;Switches;BBU;RRH;C-RAN;Power Consumption},
  doi       = {10.1109/EuCNC.2015.7194062},
  note      = {doi: \textcolor{blue}{\url{https://doi.org/10.1109/EuCNC.2015.7194062}}}
}
@article{Pires-JR25,
  author   = {Pires-JR, William T. and Almeida, Gabriel M. and Corrêa, Sand L. and Both, Cristiano B. and Pinto, Leizer L. and Cardoso, Kleber V.},
  journal  = {IEEE Open Journal of the Communications Society},
  title    = {Optimizing Energy Consumption for vRAN Placement in O-RAN Systems With Flexible Transport Networks},
  year     = {2025},
  volume   = {6},
  number   = {},
  pages    = {4279-4294},
  keywords = {Energy consumption;Topology;Network topology;Open RAN;Costs;Routing;Generators;Energy efficiency;Computational modeling;Heuristic algorithms;End-to-end resource allocation;energy efficiency;O-RAN functional splits;virtualized RAN},
  doi      = {10.1109/OJCOMS.2025.3568689},
  note     = {doi: \textcolor{blue}{\url{https://doi.org/10.1109/OJCOMS.2025.3568689}}}
}
@inproceedings{Centofanti24,
  author    = {Centofanti, Carlo and Venkateswarlu, Gudepu and Santos, José and Tella, Rajashekhar Reddy and Marotta, Andrea and Graziosi, Fabio and Kondepu, Koteswararao},
  booktitle = {2024 IEEE International Conference on Advanced Networks and Telecommunications Systems (ANTS)},
  title     = {{An Energy Measurement Framework for 5G RAN Using USRP and Real-Time Monitoring}},
  year      = {2024},
  volume    = {},
  number    = {},
  pages     = {1-5},
  keywords  = {Energy consumption;Power measurement;5G mobile communication;Energy measurement;Computer architecture;Real-time systems;Energy efficiency;Software measurement;Radio access networks;Software radio;Energy Efficiency;Energy Footprint;Power consumption;Sustainability;RAN},
  doi       = {10.1109/ANTS63515.2024.10898669},
  note      = {doi: \textcolor{blue}{\url{https://doi.org/10.1109/ANTS63515.2024.10898669}}}
}
@inproceedings{Malakalapalli24,
  author    = {Malakalapalli, L. and Gudepu, V. and Chirumamilla, B. and Yadhunandan, S.J. and Kondepu, K.},
  booktitle = {2024 IEEE Future Networks World Forum (FNWF)},
  title     = {Integrating Explainable AI for Energy Efficient Open Radio Access Networks},
  year      = {2024},
  volume    = {},
  number    = {},
  pages     = {232-237},
  keywords  = {Energy consumption;Explainable AI;Closed box;Open RAN;Predictive models;Data collection;Throughput;Energy efficiency;Complexity theory;Standards;Radio Access Network (RAN);Open RAN;eXplainable AI (XAI);Energy consumption},
  doi       = {10.1109/FNWF63303.2024.11028856},
  note      = {doi: \textcolor{blue}{\url{https://doi.org/10.1109/FNWF63303.2024.11028856}}}
}
@inproceedings{Daragh25,
  author    = {Daragh, Vahid Kouh and Ahmadi, Hamed and Grace, David},
  booktitle = {2025 Joint European Conference on Networks and Communications \& 6G Summit (EuCNC/6G Summit)},
  title     = {Adaptive mMIMO Control in OPEN RAN: A Dynamic xApp Approach for Energy-Efficient Antenna Management},
  year      = {2025},
  volume    = {},
  number    = {},
  pages     = {303-308},
  keywords  = {6G mobile communication;Energy consumption;Automation;Adaptive systems;Heuristic algorithms;Adaptive arrays;Open RAN;Energy efficiency;Digital twins;Artificial intelligence;xApp OPEN RAN;Network Automation;mMIMO;Energy Efficiency;Digital twins;REST API},
  doi       = {10.1109/EuCNC/6GSummit63408.2025.11036926},
  note      = {doi: \textcolor{blue}{\url{https://doi.org/10.1109/EuCNC/6GSummit63408.2025.11036926}}}
}
